<?xml version="1.0" encoding="UTF-8"?><collection xmlns="http://www.loc.gov/MARC21/slim"><record><leader>00369nam--2200121-i-4500</leader><controlfield tag="001">000046482</controlfield><controlfield tag="002">20161230</controlfield><controlfield tag="005">20161230201046</controlfield><controlfield tag="008">060222s1000------------r-----000-0-eng-d</controlfield><datafield ind1=" " ind2=" " tag="100"><subfield code="a">Vihman,V.S</subfield></datafield><datafield ind1=" " ind2=" " tag="245"><subfield code="a">Instalatii electrice automate entru controlul tehnic al produselor din industra constructoare de masini</subfield></datafield><datafield ind1=" " ind2=" " tag="260"><subfield code="a">Bucuresti, Idt, 1959. 280 P.+ Erata</subfield></datafield><datafield ind1=" " ind2=" " tag="852"><subfield code="a">5476</subfield></datafield></record></collection>